@misc{ayvaz2016python,
  title={Python Dilinin {\"O}znitelikleri, Programlama E{\u{g}}itiminde ve Yaz{\i}l{\i}m D{\"u}nyas{\i}ndaki Yeri},
  author={Ayvaz, U{\u{g}}ur and {\c{C}}oban, Adil and G{\"u}r{\"u}ler, H{\"u}seyin and Peker, Musa},
  year={2016}
}

@book{ccobanouglu2020herkes,
  title={Herkes i{\c{c}}in Python},
  author={{\c{C}}obano{\u{g}}lu, B{\"u}lent},
  year={2020},
  publisher={Pusula}
}

@book{koseouglu2008veritabani,
  title={Veritaban{\i} mant{\i}{\u{g}}{\i}},
  author={K{\"o}seo{\u{g}}lu, Kerem},
  year={2008},
  publisher={Pusula}
}

@article{csahin2007java,
  title={Java, python ve ruby dillerinin performans kar{\c{s}}{\i}la{\c{s}}t{\i}rmas{\i}},
  author={{\c{S}}ahin, Mustafa},
  journal={Akademik Bili{\c{s}}im},
  pages={529--532},
  year={2007}
}

